@article{abramson2001social,
  title={Social games in a social network},
  author={Abramson, Guillermo and Kuperman, Marcelo},
  journal={Physical Review E},
  volume={63},
  number={3},
  pages={030901},
  year={2001},
  publisher={APS}
}


@article{axelrod1986evolutionary,
  title={An evolutionary approach to norms},
  author={Axelrod, Robert},
  journal={American political science review},
  volume={80},
  number={04},
  pages={1095--1111},
  year={1986},
  publisher={Cambridge Univ Press}
}

@article{albert2002statistical,
  title={Statistical mechanics of complex networks},
  author={Albert, R{\'e}ka and Barab{\'a}si, Albert-L{\'a}szl{\'o}},
  journal={Reviews of modern physics},
  volume={74},
  number={1},
  pages={47},
  year={2002},
  publisher={APS}
}

@article{watts1998collective,
  title={Collective dynamics of ‘small-world’networks},
  author={Watts, Duncan J and Strogatz, Steven H},
  journal={nature},
  volume={393},
  number={6684},
  pages={440--442},
  year={1998},
  publisher={Nature Publishing Group}
}

@incollection{adamic1999small,
  title={The small world web},
  author={Adamic, Lada A},
  booktitle={Research and Advanced Technology for Digital Libraries},
  pages={443--452},
  year={1999},
  publisher={Springer}
}

@techreport{cohen1999emergence,
  title={The emergence of social organization in the prisoner's dilemma: How context-preservation and other factors promote cooperation},
  author={Cohen, Michael D and Riolo, Rick L and Axelrod, Robert},
  year={1999}
}

@article{conte1995understanding,
  title={Understanding the functions of norms in social groups through simulation},
  author={Conte, Rosaria and Castelfranchi, Cristiano},
  journal={Artificial societies: The computer simulation of social life},
  year={1995}
}

@book{coleman1994fondations,
  title={Fondations of Social Theory},
  author={Coleman, James S and Coleman, James Samuel},
  year={1994},
  publisher={Harvard University Press}
}

@article{delgado2003emergence,
  title={Emergence of coordination in scale-free networks},
  author={Delgado, Jordi and Pujol, Josep M and Sang{\"u}esa, Ram{\'o}n},
  journal={Web Intelligence and Agent Systems},
  volume={1},
  number={2},
  pages={131--138},
  year={2003},
  publisher={IOS Press}
}


@article{epstein2001learning,
  title={Learning to be thoughtless: Social norms and individual computation},
  author={Epstein, Joshua M},
  journal={Computational Economics},
  volume={18},
  number={1},
  pages={9--24},
  year={2001},
  publisher={Springer}
}

@inproceedings{griffiths2012impact,
  title={The impact of social placement of non-learning agents on convention emergence},
  author={Griffiths, Nathan and Anand, Sarabjot Singh},
  booktitle={Proceedings of the 11th International Conference on Autonomous Agents and Multiagent Systems-Volume 3},
  year={2012},
  organization={International Foundation for Autonomous Agents and Multiagent Systems}
}

@article{kittock1993emergent,
  title={Emergent conventions and the structure of multi-agent systems},
  author={Kittock, James E},
  journal={L. Nadel and D. Stein, eds},
  year={1993}
}

@article{prietula2009evolution,
  title={The evolution of metanorms: quis custodiet ipsos custodes?},
  author={Prietula, Michael J and Conway, Daniel},
  journal={Computational and Mathematical Organization Theory},
  volume={15},
  number={3},
  pages={147--168},
  year={2009},
  publisher={Springer}
}

@article{young1996economics,
  title={The economics of convention},
  author={Young, H.P.},
  journal={The Journal of Economic Perspectives},
  volume={10},
  number={2},
  pages={105--122},
  year={1996},
  publisher={JSTOR}
}

@inproceedings{sen2007emergence,
  title={Emergence of norms through social learning},
  author={Sen, S. and Airiau, S.},
  booktitle={Proceedings of the 20th international joint conference on Artifical intelligence},
  pages={1507--1512},
  year={2007},
  organization={Morgan Kaufmann Publishers Inc.}
}

@article{van1997origin,
  title={On the origin of conventions: evidence from coordination games},
  author={Van Huyck, John B and Battalio, Raymond C and Rankin, Frederick W},
  journal={The Economic Journal},
  volume={107},
  number={442},
  pages={576--596},
  year={1997},
  publisher={Wiley Online Library}
}

@inproceedings{villatoro2009topology,
  title={Topology and memory effect on convention emergence},
  author={Villatoro, D. and Sen, S. and Sabater-Mir, J.},
  booktitle={Proceedings of the 2009 IEEE/WIC/ACM International Joint Conference on Web Intelligence and Intelligent Agent Technology-Volume 02},
  pages={233--240},
  year={2009},
  organization={IEEE Computer Society}
}

@book{schelling1980strategy,
  title={The strategy of conflict},
  author={Schelling, T.C.},
  year={1980},
  publisher={Harvard university press}
}

@article{lewis2002convention,
  title={Convention: A philosophical study},
  author={Lewis, D.},
  year={2002},
  publisher={Wiley-Blackwell}
}

@article{savarimuthu2011survey,
  title={Norm creation, spreading and emergence: A survey of simulation models of norms in multi-agent systems},
  author={Savarimuthu, Bastin Tony Roy and Cranefield, Stephen},
  journal={Multiagent and Grid Systems},
  volume={7},
  number={1},
  pages={21--54},
  year={2011},
  publisher={IOS Press}
}

@book{sutton1998reinforcement,
  title={Reinforcement learning: An introduction},
  author={Sutton, Richard S and Barto, Andrew G},
  volume={1},
  number={1},
  year={1998},
  publisher={Cambridge Univ Press}
}

@article{shoham1997emergence,
  title={On the emergence of social conventions: modeling, analysis, and simulations},
  author={Shoham, Yoav and Tennenholtz, Moshe},
  journal={Artificial Intelligence},
  volume={94},
  number={1},
  pages={139--166},
  year={1997},
  publisher={Elsevier}
}

@article{villatoro2010social,
  title={Of social norms and sanctioning: A game theoretical overview},
  author={Villatoro, Daniel and Sen, Sandip and Sabater-Mir, Jordi},
  journal={International Journal of Agent Technologies and Systems (IJATS)},
  volume={2},
  number={1},
  pages={1--15},
  year={2010},
  publisher={IGI Global}
}

@inproceedings{walker1995understanding,
  title={Understanding the Emergence of Conventions in Multi-Agent Systems.},
  author={Walker, Adam and Wooldridge, Michael},
  booktitle={ICMAS},
  volume={95},
  pages={384--389},
  year={1995}
}


@article{young1993evolution,
  title={The evolution of conventions},
  author={Young, H.P.},
  journal={Econometrica},
  volume={61},
  number={1},
  pages={57--84},
  year={1993}
}


@book{young2001individual,
  title={Individual strategy and social structure: An evolutionary theory of institutions},
  author={Young, H Peyton},
  year={2001},
  publisher={Princeton University Press}
}
